<record><leader>00000cas a2200000 a 4500</leader><controlfield tag="001">12617552</controlfield><controlfield tag="008">850930d17961814pauwr ne      0    0eng c</controlfield><datafield ind1=" " ind2=" " tag="010"><subfield code="a">sn 85055142 </subfield></datafield><datafield ind1=" " ind2=" " tag="040"><subfield code="a">NPH</subfield><subfield code="b">eng</subfield><subfield code="c">NPH</subfield><subfield code="d">NPX</subfield><subfield code="d">DLC</subfield><subfield code="d">NPH</subfield><subfield code="d">DLC</subfield><subfield code="d">HLS</subfield><subfield code="d">NYS</subfield><subfield code="d">NYG</subfield><subfield code="d">OCLCG</subfield><subfield code="d">BUF</subfield><subfield code="d">OCLCQ</subfield><subfield code="d">OCLCF</subfield><subfield code="d">OCLCO</subfield></datafield><datafield ind1="1" ind2=" " tag="029"><subfield code="a">AU@</subfield><subfield code="b">000021135230</subfield></datafield><datafield ind1=" " ind2=" " tag="042"><subfield code="a">pcc</subfield></datafield><datafield ind1=" " ind2=" " tag="043"><subfield code="a">n-us-pa</subfield></datafield><datafield ind1="0" ind2="0" tag="050"><subfield code="a">Newspaper</subfield></datafield><datafield ind1="1" ind2="4" tag="050"><subfield code="a">AN286</subfield><subfield code="b">.W44</subfield></datafield><datafield ind1="0" ind2="4" tag="245"><subfield code="a">The weekly advertiser, of Reading, in the county of Berks.</subfield></datafield><datafield ind1="1" ind2="3" tag="246"><subfield code="a">Reading weekly advertiser, &amp;c</subfield></datafield><datafield ind1="1" ind2="3" tag="246"><subfield code="a">Weekly advertiser</subfield></datafield><datafield ind1=" " ind2=" " tag="260"><subfield code="a">Reading [Pa.] :</subfield><subfield code="b">Gottlob Jungmann,</subfield><subfield code="c">1796-1814.</subfield></datafield><datafield ind1=" " ind2=" " tag="300"><subfield code="a">v. ;</subfield><subfield code="c">28 cm.</subfield></datafield><datafield ind1="0" ind2=" " tag="362"><subfield code="a">No. 1 (May 7, 1796)-no. 148 (May 28, 1814).</subfield></datafield><datafield ind1=" " ind2=" " tag="500"><subfield code="a">Published from the same office: Standhafte Patriot, und Berks Cauntier Adverteiser, in Reading; Standhafts Patriot, von Berks und Schuylkill Caunty, in Reading.</subfield></datafield><datafield ind1=" " ind2=" " tag="500"><subfield code="a">Publishers: Jungmann &amp; Bruckmann, 1800-1806; Gottlob Jungmann, 1806-&lt;1807&gt;; Gottlob Jungmann, &amp; Co., &lt;1812&gt;.</subfield></datafield><datafield ind1="4" ind2=" " tag="510"><subfield code="a">Evans</subfield><subfield code="c">31601</subfield></datafield><datafield ind1="4" ind2=" " tag="510"><subfield code="a">Brigham, C.S. Amer. newspapers,</subfield><subfield code="c">p. 971</subfield></datafield><datafield ind1=" " ind2="0" tag="651"><subfield code="a">Reading (Pa.)</subfield><subfield code="v">Newspapers.</subfield></datafield><datafield ind1=" " ind2="0" tag="651"><subfield code="a">Berks County (Pa.)</subfield><subfield code="v">Newspapers.</subfield></datafield><datafield ind1=" " ind2="7" tag="655"><subfield code="a">Newspapers.</subfield><subfield code="2">fast</subfield><subfield code="0">(OCoLC)fst01423814</subfield></datafield><datafield ind1=" " ind2="7" tag="651"><subfield code="a">Pennsylvania</subfield><subfield code="z">Berks County.</subfield><subfield code="2">fast</subfield><subfield code="0">(OCoLC)fst01209226</subfield></datafield><datafield ind1=" " ind2="7" tag="651"><subfield code="a">Pennsylvania</subfield><subfield code="z">Reading.</subfield><subfield code="2">fast</subfield><subfield code="0">(OCoLC)fst01202803</subfield></datafield><datafield ind1="1" ind2=" " tag="700"><subfield code="a">Jungmann, Gottlob,</subfield><subfield code="d">1757?-1833.</subfield></datafield><datafield ind1="1" ind2=" " tag="700"><subfield code="a">Bruckmann, Carl Andreas,</subfield><subfield code="d">1762?-1819.</subfield></datafield><datafield ind1=" " ind2=" " tag="752"><subfield code="a">United States</subfield><subfield code="b">Pennsylvania</subfield><subfield code="c">Berks</subfield><subfield code="d">Reading.</subfield></datafield><datafield ind1="0" ind2="0" tag="785"><subfield code="t">Weekly advertiser of Reading, for Berks and Schuylkill County</subfield><subfield code="w">(DLC)sn 89077708</subfield><subfield code="w">(OCoLC)18897237</subfield></datafield></record>